1CClientBankExchange
ВерсияФормата=1.01
Кодировка=Windows
Получатель=
ДатаНачала=08.02.2012
ДатаКонца=08.02.2012
РасчСчет=40702840500030002016
РасчСчет=40702840200030002015
РасчСчет=40702810400030003459
РасчСчет=40702978400030001542
РасчСчет=40702978100030001541
СекцияРасчСчет
ДатаНачала=08.02.2012
ДатаКонца=08.02.2012
РасчСчет=40702840500030002016
НачальныйОстаток=0.00
ВсегоПоступило=0.00
ВсегоСписано=0.00
КонечныйОстаток=0.00
КонецРасчСчет
СекцияРасчСчет
ДатаНачала=08.02.2012
ДатаКонца=08.02.2012
РасчСчет=40702840200030002015
НачальныйОстаток=0.00
ВсегоПоступило=0.00
ВсегоСписано=0.00
КонечныйОстаток=0.00
КонецРасчСчет
СекцияРасчСчет
ДатаНачала=08.02.2012
ДатаКонца=08.02.2012
РасчСчет=40702810400030003459
НачальныйОстаток=65395.62
ВсегоПоступило=0.00
ВсегоСписано=0.00
КонечныйОстаток=65395.62
КонецРасчСчет
СекцияРасчСчет
ДатаНачала=08.02.2012
ДатаКонца=08.02.2012
РасчСчет=40702978400030001542
НачальныйОстаток=0.00
ВсегоПоступило=0.00
ВсегоСписано=0.00
КонечныйОстаток=0.00
КонецРасчСчет
СекцияРасчСчет
ДатаНачала=08.02.2012
ДатаКонца=08.02.2012
РасчСчет=40702978100030001541
НачальныйОстаток=43172.74
ВсегоПоступило=0.00
ВсегоСписано=38125.75
КонечныйОстаток=5046.99
КонецРасчСчет
СекцияДокумент=Платежное поручение
Номер=080212MTI2827940
Дата=08.02.2012
Сумма=31662.27
ПлательщикСчет=40702978100030001541
ДатаСписано=08.02.2012
ПлательщикИНН=5012039795
ПлательщикКПП=
Плательщик1= Открытое акционерное общество   «Военно-промышленная корпорация «Научно-производственное объединение машиностроения»
ПлательщикРасчСчет=40702978100030001541
ПлательщикБанк1=Б ОАО БАНК ВТБ
ПлательщикБанк2=Г МОСКВА
ПлательщикБИК=044525187
ПлательщикКорсчет=30101810700000000187
ПолучательСчет=47423978650060000975
ПолучательИНН=7702070139
ПолучательКПП=997950001
Получатель1= ОАО Банк ВТБ
ПолучательРасчСчет=47423978650060000975
ПолучательБанк1=Б ОАО БАНК ВТБ
ПолучательБанк2=Г МОСКВА
ПолучательБИК=044525187
ПолучательКорсчет=30101810700000000187
ВидПлатежа=
ВидОплаты=09
СтатусСоставителя=
ПоказательКБК=
ОКАТО=
ПоказательОснования=
ПоказательПериода=
ПоказательНомера=
ПоказательДаты=
ПоказательТипа=
СрокПлатежа=08.02.2012
Очередность=
НазначениеПлатежа=Мемориальный  ордер  НДС не облагается. Комиссия за выдачу гарантии ВТБ №IGR11/MSHD/7053 за период 02/02/2012-01/05/2012 . Конверсия в 810 по курсу ЦБ РФ: 39.4592
КонецДокумента
СекцияДокумент=Платежное поручение
Номер=080212MTI2828048
Дата=08.02.2012
Сумма=6463.48
ПлательщикСчет=40702978100030001541
ДатаСписано=08.02.2012
ПлательщикИНН=5012039795
ПлательщикКПП=
Плательщик1= Открытое акционерное общество   «Военно-промышленная корпорация «Научно-производственное объединение машиностроения»
ПлательщикРасчСчет=40702978100030001541
ПлательщикБанк1=Б ОАО БАНК ВТБ
ПлательщикБанк2=Г МОСКВА
ПлательщикБИК=044525187
ПлательщикКорсчет=30101810700000000187
ПолучательСчет=47423978750060000972
ПолучательИНН=7702070139
ПолучательКПП=997950001
Получатель1= ОАО Банк ВТБ
ПолучательРасчСчет=47423978750060000972
ПолучательБанк1=Б ОАО БАНК ВТБ
ПолучательБанк2=Г МОСКВА
ПолучательБИК=044525187
ПолучательКорсчет=30101810700000000187
ВидПлатежа=
ВидОплаты=09
СтатусСоставителя=
ПоказательКБК=
ОКАТО=
ПоказательОснования=
ПоказательПериода=
ПоказательНомера=
ПоказательДаты=
ПоказательТипа=
СрокПлатежа=08.02.2012
Очередность=
НазначениеПлатежа=Мемориальный  ордер  НДС не облагается. Комиссия за выдачу гарантии ВТБ №IGR11/MSHD/7055 за период 31/01/2012-29/04/2012 . Конверсия в 810 по курсу ЦБ РФ: 39.4592
КонецДокумента
КонецФайла
